<?xml version="1.0" encoding="UTF-8"?><collection xmlns="http://www.loc.gov/MARC21/slim"><record><leader>00423nam--2200121-i-4500</leader><controlfield tag="001">000035342</controlfield><controlfield tag="002">20161230</controlfield><controlfield tag="005">20161230201040</controlfield><controlfield tag="008">060222s1000------------r-----000-0-eng-d</controlfield><datafield ind1=" " ind2=" " tag="080"><subfield code="a">621.039.583:681.11-758.35</subfield></datafield><datafield ind1=" " ind2=" " tag="245"><subfield code="a">Nuclear power. the environment and man. information booklet prepared jointly by the international atomic energy agency and the world health organization</subfield></datafield><datafield ind1=" " ind2=" " tag="260"><subfield code="a">Vienna, Iaea, 1982. 195p</subfield></datafield><datafield ind1=" " ind2=" " tag="852"><subfield code="a">70169</subfield></datafield></record></collection>